<?xml version="1.0" encoding="UTF-8"?><collection xmlns="http://www.loc.gov/MARC21/slim"><record><leader>00497nam--2200193-i-4500</leader><controlfield tag="001">000044881</controlfield><controlfield tag="002">20161230</controlfield><controlfield tag="005">20161230201044</controlfield><controlfield tag="008">060222s1000------------r-----000-0-rum-d</controlfield><datafield ind1=" " ind2=" " tag="040"><subfield code="a">IFIN-HH</subfield></datafield><datafield ind1=" " ind2=" " tag="041"><subfield code="a">rum</subfield></datafield><datafield ind1=" " ind2=" " tag="080"><subfield code="a">53</subfield></datafield><datafield ind1="1" ind2=" " tag="100"><subfield code="a">Titeica, R</subfield></datafield><datafield ind1="1" ind2="0" tag="245"><subfield code="a">Fizica. vol. ii</subfield><subfield code="c">R. titeica, al. baltac, gh. palade</subfield></datafield><datafield ind1=" " ind2=" " tag="260"><subfield code="a">Bucuresti</subfield><subfield code="b">Editura De Stat Didactica Si Pedagogica</subfield><subfield code="c">1961</subfield></datafield><datafield ind1=" " ind2=" " tag="300"><subfield code="a">40P.+ERATA</subfield></datafield><datafield ind1="1" ind2=" " tag="700"><subfield code="a">Palade, Gh</subfield></datafield><datafield ind1=" " ind2=" " tag="852"><subfield code="a">4683</subfield><subfield code="c">53</subfield></datafield><datafield ind1=" " ind2=" " tag="CAT"><subfield code="a">Sys</subfield><subfield code="c">20150112</subfield><subfield code="h">175041</subfield></datafield></record></collection>